<?xml version="1.0" encoding="UTF-8"?><record xmlns="http://www.loc.gov/MARC21/slim" xmlns:cinclude="http://apache.org/cocoon/include/1.0" xmlns:zs="http://www.loc.gov/zing/srw/">
  <leader>00586cz  a2200181n  4500</leader>
  <controlfield tag="001">no 98112579 </controlfield>
  <controlfield tag="003">DLC</controlfield>
  <controlfield tag="005">19981007052305.9</controlfield>
  <controlfield tag="008">981002n| acannaab|          |a ana      </controlfield>
  <datafield tag="010" ind1=" " ind2=" ">
    <subfield code="a">no 98112579 </subfield>
  </datafield>
  <datafield tag="035" ind1=" " ind2=" ">
    <subfield code="a">(OCoLC)oca04828930 </subfield>
  </datafield>
  <datafield tag="040" ind1=" " ind2=" ">
    <subfield code="a">DLC-S</subfield>
    <subfield code="c">DLC-S</subfield>
  </datafield>
  <datafield tag="110" ind1="2" ind2="0">
    <subfield code="a">ESB (International)</subfield>
  </datafield>
  <datafield tag="410" ind1="2" ind2="0">
    <subfield code="a">English Speaking Board (International)</subfield>
  </datafield>
  <datafield tag="410" ind1="2" ind2="0">
    <subfield code="a">ESB</subfield>
  </datafield>
  <datafield tag="510" ind1="2" ind2="0">
    <subfield code="w">a</subfield>
    <subfield code="a">English Speaking Board</subfield>
  </datafield>
  <datafield tag="670" ind1=" " ind2=" ">
    <subfield code="a">Speaking English, summer 1998:</subfield>
    <subfield code="b">cover (ESB (International); verso t.p. (English Speaking Board)p. 1 (ESB)</subfield>
  </datafield>
  <datafield tag="675" ind1=" " ind2=" ">
    <subfield code="a">Spoken English, 1986: t.p. (English Speaking Board)</subfield>
  </datafield>
</record>